
@online{foo1,
	title = {{Smart cities}},
        author= "European Commission",
	url = {https://commission.europa.eu/eu-regional-and-urban-development/topics/cities-and-urban-development/city-initiatives/smart-cities_en},
        note = {(Accessed on 03/01/2024)}
}


@article{foo2,
  title={Mapping smart cities in the EU},
  author={Manville, C. and Cochrane, G. and Jonathan, C. A. V. E. and Millard, J. and Pederson, J. K. and Thaarup, R. K. and WiK, M. W.},
  year={2014}
}

@article{foo3,
  author = {Matos, Ana and Pinto, Bruna and Barros, F{\'a}bio and Martins, S{\'e}rgio and Martins, Jos{\'e} and Au-Yong Oliveira, Manuel},
  year = {2019},
  month = {03},
  pages = {358-370},
  title = {Smart Cities and Smart Tourism: What Future Do They Bring?},
  isbn = {978-3-030-16186-6},
  doi = {10.1007/978-3-030-16187-3_35}
}

@online{foo4,
  author = {Gianluca Dotti},
  title = {10 motivi per cui Singapore \`{e} una citt\`{a} intelligente},
  year = {2019},
  month = {03},
  day = {19},
  url = {https://www.wired.it/attualita/tech/2019/03/19/singapore-citta-intelligente/},
  note = {(Accessed on 30/12/2023)}
}

@online{cimminella2023smartcity,
  author = {Cimminella, M.},
  title = {Smart City: Il primato di Milano su sensoristica, sharing mobility e crescita delle vetture a bassa emissione},
  year = {2023},
  month = {08},
  url = {https://www.repubblica.it/dossier/economia/transizione-sostenibile/2023/08/01/news/smart_city_il_primato_di_milano_su_sensoristica_sharing_mobility_e_crescita_delle_vetture_a_bassa_emissione-409731488/},
  note = {La Repubblica}
}

@online{WeMiWebsite,
    title={WeMi platform website},
    note = {(Accessed on 03/01/2024)},
    url={https://wemi.comune.milano.it/}
}

@booklet{SmartCity2023,
  title = {Smart City - N. 06/2023},
  author = {Centro Studi Assolombarda - EY},
  year = {2023},
  note = {Booklet},
  url= {https://www.assolombarda.it/centro-studi/booklet-smart-city-ndeg06-luglio-2023}
}

@book{Hwang2013,
  author = {Hwang, Jong-Sung},
  title = {Smart Cities Seoul: A Case Study},
  year = {2013},
  publisher = {The International Telecommunication Union (ITU)},
  address = {Geneva, Switzerland},
  url = {https://smartnet.niua.org/sites/default/files/resources/Smart%20Cities%20Seoul%20-%20Case%20Study.pdf}
}

@online{SeoulOpenData,
    title={Seoul Open Data platform website},
    note = {(Accessed on 03/01/2024)},
    url={https://data.seoul.go.kr/index.do}
}

@online{dataEuropa,
    title={The official portal for European data},
    note = {(Accessed on 04/01/2024)},
    url={https://data.europa.eu/en/dataeuropa-academy/what-open-data#}
}

@online{figureSourcesofData,
 title = {IOT Smart Cities},
 note = {(Accessed on 04/01/2024)},
 url = {http://vtaraenergygroup.com/index.php/portfolio/iot-smart-cities/}
}

@misc{EU2019Directive,
  title = {Directive (EU) 2019/1024},
  author = {{European Parliament and Council}},
  year = {2019},
  howpublished = {Official Journal of the European Union},
  month = {06},
  note = {On open data and the re-use of public sector information},
}

@online{sdgs,
title={Website of ONU Sustainable Development Goals},
note={(Accessed on 04/01/2024)},
url={https://sdgs.un.org/goals}
}

@misc{rhaiemair,
  title={Air Quality System in Smart City: Systematic Literature Review},
  author={Rhaiem, M and Chaabane, M and Bouassida Rodriguez, I},
  year={2022}
}

@online{WHO2018AirPollution,
  author = {World Health Organization (WHO)},
  title = {Ambient (Outdoor) Air Pollution},
  year = {2022},
  month = {12},
  day = {19},
  url = {https://www.who.int/news-room/fact-sheets/detail/ambient-(outdoor)-air-quality-and-health},
  note = {(Accessed on 05/01/2024)}
}

@online{Airqualityindexwebsite,
    title = {World's Air Pollution: Real-time Air Quality Index},
    url = {https://waqi.info/},
    note = {(Accessed on 05/01/2024)}
}

@Article{electronics10232997,
AUTHOR = {Hurbean, Luminita and Danaiata, Doina and Militaru, Florin and Dodea, Andrei-Mihail and Negovan, Ana-Maria},
TITLE = {Open Data Based Machine Learning Applications in Smart Cities: A Systematic Literature Review},
JOURNAL = {Electronics},
VOLUME = {10},
YEAR = {2021},
NUMBER = {23},
ARTICLE-NUMBER = {2997},
URL = {https://www.mdpi.com/2079-9292/10/23/2997},
ISSN = {2079-9292},
DOI = {10.3390/electronics10232997}
}

@online{CCAC2019,
    author = {CCAC Secretariat},
    title = {Beijing's air quality improvements are a model for other cities},
    year = {2019},
    month = {03},
    day = {9},
    url = {https://www.ccacoalition.org/news/beijings-air-quality-improvements-are-model-other-cities},
    note = {(Accessed on 07/01/2024)}
}

@book{UNEnvironment2019,
    title = {A Review of 20 Years' Air Pollution Control in Beijing},
    year = {2019},
    publisher = {United Nations Environment Programme},
    address = {Nairobi, Kenya},
}

@article{DIAZROBLES20088331,
title = {A hybrid ARIMA and artificial neural networks model to forecast particulate matter in urban areas: The case of Temuco, Chile},
journal = {Atmospheric Environment},
volume = {42},
number = {35},
pages = {8331-8340},
year = {2008},
issn = {1352-2310},
doi = {https://doi.org/10.1016/j.atmosenv.2008.07.020},
url = {https://www.sciencedirect.com/science/article/pii/S1352231008006523},
author = {Luis A. D\'{i}az-Robles and Juan C. Ortega and Joshua S. Fu and Gregory D. Reed and Judith C. Chow and John G. Watson and Juan A. Moncada-Herrera},
keywords = {Particulate matter forecasting, Hybrid, ARIMA, Neural networks, Temuco},
}

@article{Jodar2013,
  author       = {J\'{o}dar, L. and S\'{a}nchez, Antonio Bernardo and Ord\'{o}\~{n}ez, Celestino and Lasheras, Fernando S\'{a}nchez and de Cos Juez, Francisco Javier and Roca-Pardi\~{n}as, Javier},
  title        = {Forecasting SO\textsubscript{2} Pollution Incidents by means of Elman Artificial Neural Networks and ARIMA Models},
  journal      = {Abstract and Applied Analysis},
  year         = {2013},
  volume       = {2013},
  pages        = {238259},
  issn         = {1085-3375},
  doi          = {10.1155/2013/238259},
  url          = {https://doi.org/10.1155/2013/238259},
  publisher    = {Hindawi Publishing Corporation},
}

@article{9127775,
  author={Han, Yang and Lam, Jacqueline C.K. and Li, Victor O.K. and Zhang, Qi},
  journal={IEEE Transactions on Big Data}, 
  title={A Domain-Specific Bayesian Deep-Learning Approach for Air Pollution Forecast}, 
  year={2022},
  volume={8},
  number={4},
  pages={1034-1046},
  doi={10.1109/TBDATA.2020.3005368}
}

@article{8258144,
  author={K\"{o}k, \.{I}brahim and \c{S}im\c{s}ek, Mehmet Ulvi and \"Ozdemir, Suat},
  booktitle={2017 IEEE International Conference on Big Data (Big Data)}, 
  title={A deep learning model for air quality prediction in smart cities}, 
  year={2017},
  volume={},
  number={},
  pages={1983-1990},
  doi={10.1109/BigData.2017.8258144}
}

@article{WaveletNLSTM,
  author={Jin, Ning and Zeng, Yongkang and Yan, Ke and Ji, Zhiwei},
  journal={IEEE Transactions on Industrial Informatics}, 
  title={Multivariate Air Quality Forecasting With Nested Long Short Term Memory Neural Network}, 
  year={2021},
  volume={17},
  number={12},
  pages={8514-8522},
  doi={10.1109/TII.2021.3065425}}

@article{ZENG2022108822,
title = {Air quality forecasting with hybrid LSTM and extended stationary wavelet transform},
journal = {Building and Environment},
volume = {213},
pages = {108822},
year = {2022},
issn = {0360-1323},
doi = {https://doi.org/10.1016/j.buildenv.2022.108822},
url = {https://www.sciencedirect.com/science/article/pii/S0360132322000701},
author = {Yongkang Zeng and Jingjing Chen and Ning Jin and Xiaoping Jin and Yang Du},
}

@article{lstmkalman,
  author={Song, Xijuan and Huang, Jijiang and Song, Dawei},
  booktitle={2019 IEEE 8th Joint International Information Technology and Artificial Intelligence Conference (ITAIC)}, 
  title={Air Quality Prediction based on LSTM-Kalman Model}, 
  year={2019},
  volume={},
  number={},
  pages={695-699},
  doi={10.1109/ITAIC.2019.8785751},
  ISSN={},
  month={05}}

@article{Yin2020,
  author       = {Yin, Peng-Yeng and Cai, Jianxian and Dai, Xun and Hong, Li and Gao, Zhitao and Qiu, Zhongchao},
  title        = {An Air Quality Prediction Model Based on a Noise Reduction Self-Coding Deep Network},
  journal      = {Mathematical Problems in Engineering},
  year         = {2020},
  volume       = {2020},
  pages        = {3507197},
  issn         = {1024-123X},
  doi          = {10.1155/2020/3507197},
  url          = {https://doi.org/10.1155/2020/3507197},
  publisher    = {Hindawi},
}

@article{graphlstm1,
title = {A hybrid model for spatiotemporal forecasting of PM2.5 based on graph convolutional neural network and long short-term memory},
journal = {Science of The Total Environment},
volume = {664},
pages = {1-10},
year = {2019},
issn = {0048-9697},
doi = {https://doi.org/10.1016/j.scitotenv.2019.01.333},
url = {https://www.sciencedirect.com/science/article/pii/S0048969719303821},
author = {Yanlin Qi and Qi Li and Hamed Karimian and Di Liu},
}

@article{WEN20191091,
title = {A novel spatiotemporal convolutional long short-term neural network for air pollution prediction},
journal = {Science of The Total Environment},
volume = {654},
pages = {1091-1099},
year = {2019},
issn = {0048-9697},
doi = {https://doi.org/10.1016/j.scitotenv.2018.11.086},
url = {https://www.sciencedirect.com/science/article/pii/S0048969718344413},
author = {Congcong Wen and Shufu Liu and Xiaojing Yao and Ling Peng and Xiang Li and Yuan Hu and Tianhe Chi},
}

@article{Wang2023,
  author       = {Wang, Qipeng and Han, Min},
  title        = {Dirichlet Graph Convolution Coupled Neural Differential Equation for Spatio-temporal Time Series Prediction},
  journal      = {Neural Processing Letters},
  year         = {2023},
  volume       = {55},
  number       = {9},
  pages        = {12347-12366},
  month        = {12},
  issn         = {1573-773X},
  doi          = {10.1007/s11063-023-11423-w},
  url          = {https://doi.org/10.1007/s11063-023-11423-w},
}


@online{VirtualSingapore,
  title = {Virtual Singapore - Building a 3D-Empowered Smart Nation},
  url = {https://www.geospatialworld.net/prime/case-study/national-mapping/virtual-singapore-building-a-3d-empowered-smart-nation/},
  note = {(Accessed on 13/01/2024)}
}

@online{EEA_AirQuality,
  author = {European Environment Agency},
  title = {Air Quality Download Service},
  url = {https://eeadmz1-downloads-webapp.azurewebsites.net/},
  note = {(Accessed on 13/01/2024)}
}

@online{CityPulseDataset,
  author = {CityPulse EU FP7 Project},
  title = {CityPulse Dataset Collection},
  year = {2024},
  url = {http://iot.ee.surrey.ac.uk:8080/index.html},
  note = {(Accessed on 13/01/2024)}
}

@online{kaggleSeoul,
    Title = {Air Pollution in Seoul},
    url = {https://www.kaggle.com/datasets/bappekim/air-pollution-in-seoul},
    note = {(Accessed on 30/10/2023)}
}

@online{openMeteo,
    title={Open-Meteo Website},
    url = {https://open-meteo.com/},
    note = {(Accessed on 30/10/2023)}
}

@online{openDataMadrid,
    title = {Madrid's City Council Open Data website},
    url = {https://datos.madrid.es/portal/site/egob},
    note = {(Accessed on 14/11/2023)}
}

@online{kaggleMadrid,
    title = {Air Quality in Madrid (2001-2018)},
    url = {https://www.kaggle.com/datasets/decide-soluciones/air-quality-madrid/data},
    note = {(Accessed on 14/11/2023)}
}

@online{onehotencoding,
    title ={Stop One-Hot Encoding your Time-based Features},
    url = {https://towardsdatascience.com/stop-one-hot-encoding-your-time-based-features-24c699face2f},
    note = {(Accessed on 21/01/2024)}
}

@book{box1970time,
  title={Time Series Analysis: Forecasting and Control},
  author={Box, G.E.P. and Jenkins, G.M.},
  isbn={9780816210947},
  lccn={lc77079534},
  series={Holden-Day series in time series analysis and digital processing},
  url={https://books.google.it/books?id=5BVfnXaq03oC},
  year={1970},
  publisher={Holden-Day}
}

@article{hochreiter,
author = {Hochreiter, Sepp and Schmidhuber, J\"urgen},
year = {1997},
month = {12},
pages = {1735-80},
title = {Long Short-term Memory},
volume = {9},
journal = {Neural computation},
doi = {10.1162/neco.1997.9.8.1735}
}

@article{Schuster1997BidirectionalRN,
  title={Bidirectional recurrent neural networks},
  author={Mike Schuster and Kuldip K. Paliwal},
  journal={IEEE Trans. Signal Process.},
  year={1997},
  volume={45},
  pages={2673-2681},
  url={https://api.semanticscholar.org/CorpusID:18375389}
}

@misc{chen2023tsmixer,
      title={TSMixer: An All-MLP Architecture for Time Series Forecasting}, 
      author={Si-An Chen and Chun-Liang Li and Nate Yoder and Sercan O. Arik and Tomas Pfister},
      year={2023},
      eprint={2303.06053},
      archivePrefix={arXiv},
      primaryClass={cs.LG}
}

@article{peixeiro2023tsmixer,
    author = {Marco Peixeiro},
    title = {TSMixer: The Latest Forecasting Model by Google},
    journal = {Towards Data Science},
    year = {2023},
    month = {11},
    day = {14},
    note = {(Accessed on 14/12/2023)},
    url = {https://towardsdatascience.com/tsmixer-the-latest-forecasting-model-by-google-2fd1e29a8ccb},
}


@misc{kingma2017adam,
      title={Adam: A Method for Stochastic Optimization}, 
      author={Diederik P. Kingma and Jimmy Ba},
      year={2017},
      eprint={1412.6980},
      archivePrefix={arXiv},
}